@article{fieramonti2015quantitative,
  title={Quantitative measurement of blood velocity in zebrafish with optical vector field tomography},
  author={Fieramonti, Luca and Foglia, Efrem A and Malavasi, Stefano and D'Andrea, Cosimo and Valentini, Gianluca and Cotelli, Franco and Bassi, Andrea},
  journal={Journal of biophotonics},
  volume={8},
  number={1-2},
  pages={52--59},
  year={2015},
  publisher={Wiley Online Library}
}


